@book{rocco_di_torrepadula_franca_architettura_2019,
	title = {Architettura dei Sistemi di Elaborazione - Appunti tratti dalle lezioni del prof N. Mazzocca},
	author = {Rocco di Torrepadula Franca e Somma Alessadra},
	date = {2019},
}

@book{brandolese_introduzione_nodate,
	title = {Introduzione al linguaggio {VHDL} - Aspetti teorici ed esempi di progettazione},
	publisher = {Politecnico di Milano},
	author = {Brandolese, Carlo},
}



